% This file was created with JabRef 2.8.1.
% Encoding: UTF-8

@MISC{armcm3,
  title = {ARM Cortex-M3 processor},
  howpublished = {\url{http://www.arm.com/products/processors/cortex-m/cortex-m3.php}},
  author = {ARM.com},
  owner = {ccaccia},
  timestamp = {2012.09.13}
}

@MISC{spiArd,
  title = {DS18B20 and Arduino},
  howpublished = {\url{http://bildr.org/2011/07/ds18b20-arduino/}},
  author = {bildr.org},
  owner = {ccaccia},
  timestamp = {2012.09.15}
}

@MISC{pawnGuide,
  title = {Pawn Language Guide},
  howpublished = {\url{http://www.compuphase.com/pawn/Pawn_Language_Guide.pdf}},
  author = {Compuphase},
  owner = {ccaccia},
  timestamp = {2012.09.14}
}

@MISC{pawnLang,
  title = {Pawn Language},
  howpublished = {\url{http://www.compuphase.com/pawn/pawn.htm}},
  author = {Compuphase},
  owner = {ccaccia},
  timestamp = {2012.09.13},
  url = {\url{http://www.compuphase.com/pawn/pawn.htm}}
}

@MISC{chArch,
  title = {ChibiOS/RT general architecture},
  howpublished = {\url{http://www.chibios.org/dokuwiki/doku.php?id=chibios:documents:architecture}},
  author = {Giovanni {Di Sirio}},
  owner = {ccaccia},
  timestamp = {2012.09.14}
}

@MISC{chibiHP,
  title = {ChibiOS/RT homepage},
  howpublished = {\url{http://www.chibios.org/dokuwiki/doku.php?id=start}},
  author = {Giovanni {Di Sirio}},
  owner = {ccaccia},
  timestamp = {2012.09.13}
}

@MISC{chMem,
  title = {ChibiOS/RT Memory Management},
  howpublished = {\url{http://www.chibios.org/dokuwiki/doku.php?id=chibios:howtos:manage_memory}},
  author = {Giovanni {Di Sirio}},
  owner = {ccaccia},
  timestamp = {2012.09.14}
}

@MISC{chThd,
  title = {ChibiOS/RT Threads},
  howpublished = {\url{http://www.chibios.org/dokuwiki/doku.php?id=chibios:howtos:createthread}},
  author = {Giovanni {Di Sirio}},
  owner = {ccaccia},
  timestamp = {2012.09.14}
}

@MISC{setup1,
  title = {Using an Eclipse-based IDE},
  howpublished = {\url{http://www.chibios.org/dokuwiki/doku.php?id=chibios:guides:eclipse2}},
  author = {Giovanni {Di Sirio}},
  owner = {ccaccia},
  timestamp = {2012.09.13}
}

@MISC{cdt,
  title = {Eclipse (C/C++ Development)},
  howpublished = {\url{http://www.eclipse.org/cdt/}},
  author = {Eclipse.org},
  owner = {ccaccia},
  timestamp = {2012.09.13}
}

@MISC{embTh,
  title = {Thermistor Circuit},
  howpublished = {\url{http://embedded.com/design/embedded/4023910/Temperature-Measurement-Technique}},
  author = {embedded.com},
  owner = {ccaccia},
  timestamp = {2012.09.15}
}

@MISC{einaLib,
  title = {Eina Library},
  howpublished = {\url{http://docs.enlightenment.org/auto/eina/}},
  author = {Enlightenment},
  owner = {ccaccia},
  timestamp = {2012.09.13},
  url = {\url{http://docs.enlightenment.org/auto/eina/}}
}

@MISC{embryoSite,
  title = {Embryo},
  howpublished = {\url{http://docs.enlightenment.org/auto/embryo/}},
  author = {Enlightenment},
  owner = {ccaccia},
  timestamp = {2012.09.13},
  url = {\url{http://docs.enlightenment.org/auto/embryo/}}
}

@MISC{embyoLang,
  title = {Embryo Language},
  howpublished = {\url{http://docs.enlightenment.org/auto/embryo/Small_Page.html}},
  author = {Enlightenment},
  owner = {ccaccia},
  timestamp = {2012.09.13},
  url = {\url{http://docs.enlightenment.org/auto/embryo/Small_Page.html}}
}

@MISC{enlightSite,
  title = {homepage},
  howpublished = {\url{http://www.enlightenment.org/}},
  author = {Enlightenment},
  owner = {ccaccia},
  timestamp = {2012.09.13},
  url = {\url{http://www.enlightenment.org/}}
}

@ARTICLE{Peyton93Howto,
  author = {Simon Peyton Jones
	
	John Launchbury
	
	John Hughes},
  title = {How to give a good research talk},
  journal = {SIGPLAN Notices},
  year = {1993},
  institution = {SIGPLAN Notices },
  url = {http://www.cs.tufts.edu/~nr/pubs/two-abstract.html}
}

@MISC{sourcery,
  title = {Sourcery CodeBench},
  howpublished = {\url{http://www.mentor.com/embedded-software/sourcery-tools/sourcery-codebench/editions/lite-edition/}},
  author = {Mentor},
  owner = {ccaccia},
  timestamp = {2012.09.13}
}

@MISC{setup2,
  title = {UniMIB Informatica Industriale course website},
  howpublished = {\url{http://irawiki.disco.unimib.it/irawiki/index.php/Informatica_Industriale_/_Informatics_for_Industrial_Applications_2011/12}},
  author = {Martino Migliavacca},
  year = {2012},
  owner = {ccaccia},
  timestamp = {2012.09.13},
  url = {http://irawiki.disco.unimib.it/irawiki/index.php/Informatica_Industriale_/_Informatics_for_Industrial_Applications_2011/12}
}

@MISC{olimex,
  title = {Olimex Demoboard},
  howpublished = {\url{https://www.olimex.com/dev/stm32-p107.html}},
  author = {olimex.com},
  owner = {ccaccia},
  timestamp = {2012.09.13}
}

@TECHREPORT{Norman09Learn,
  author = {Norman Ramsey},
  title = {Learn Technical Writing in Two Hours per Week},
  institution = {Harvard University},
  year = {2006},
  url = {http://www.cs.tufts.edu/~nr/pubs/two-abstract.html}
}

@MISC{stm32f107,
  title = {STM32 F 107 processor},
  howpublished = {\url{http://www.st.com/internet/mcu/product/221020.jsp}},
  author = {{STMicroelectronics}},
  owner = {ccaccia},
  timestamp = {2012.09.13}
}

@MISC{wikiChibi,
  title = {ChibiOS/RT},
  howpublished = {\url{http://en.wikipedia.org/wiki/ChibiOS/RT}},
  author = {Wikipedia},
  owner = {ccaccia},
  timestamp = {2012.09.13}
}

@MISC{wikiEFL,
  title = {Enlightenment Foundation Library},
  howpublished = {\url{http://en.wikipedia.org/wiki/Enlightenment_Foundation_Libraries}},
  author = {Wikipedia},
  owner = {ccaccia},
  timestamp = {2012.09.13},
  url = {\url{http://en.wikipedia.org/wiki/Enlightenment_Foundation_Libraries}}
}

@MISC{wikiEnlight,
  title = {Enlightenment Window Manager},
  howpublished = {\url{http://en.wikipedia.org/wiki/Enlightenment_(window_manager)}},
  author = {Wikipedia},
  owner = {ccaccia},
  timestamp = {2012.09.13},
  url = {\url{http://en.wikipedia.org/wiki/Enlightenment_(window_manager)}}
}

@MISC{wikiTh,
  title = {Thermistor},
  howpublished = {\url{http://en.wikipedia.org/wiki/Thermistor}},
  author = {Wikipedia},
  owner = {ccaccia},
  timestamp = {2012.09.15}
}

